<?xml version='1.0' encoding='utf-8'?>
<record xmlns="http://www.loc.gov/MARC21/slim" xmlns:xsi="http://www.w3.org/2001/XMLSchema-instance">
  <leader>00000npcaa22003611u^4500</leader>
  <controlfield tag="001">002739668</controlfield>
  <controlfield tag="005">20051020095218.0</controlfield>
  <controlfield tag="008">941110i18991929miu^^^^^|^^^^^^^^^^^eng||</controlfield>
  <datafield tag="035" ind1=" " ind2=" ">
    <subfield code="a">(RLIN)MIUV85-A1407</subfield>
  </datafield>
  <datafield tag="035" ind1=" " ind2=" ">
    <subfield code="a">(OCoLC)ocm34418328</subfield>
  </datafield>
  <datafield tag="040" ind1=" " ind2=" ">
    <subfield code="a">MiU-H</subfield>
    <subfield code="c">MiU-H</subfield>
    <subfield code="e">appm</subfield>
  </datafield>
  <datafield tag="100" ind1="1" ind2=" ">
    <subfield code="a">Garfield, Charles William,</subfield>
    <subfield code="d">1848-1934.</subfield>
  </datafield>
  <datafield tag="245" ind1="0" ind2="0">
    <subfield code="a">Charles W. Garfield papers,</subfield>
    <subfield code="f">1899-1929.</subfield>
  </datafield>
  <datafield tag="300" ind1=" " ind2=" ">
    <subfield code="a">50 items and 1 v.</subfield>
  </datafield>
  <datafield tag="545" ind1=" " ind2=" ">
    <subfield code="a">President of the Michigan Forestry Commission, and member of the State Board of Agriculture.</subfield>
  </datafield>
  <datafield tag="520" ind1=" " ind2=" ">
    <subfield code="a">Correspondence dealing with the Michigan Forestry Association and conservation and forestation in Michigan; eight drafts of speeches or articles on forestry and conservation, probably written by Garfield; biographical sketch of Garfield; and letter book, 1900-1903, of the Michigan Forestry Commission. Correspondents include: Julius C. Burrows, Burke A. Hinsdale, Alfred C. Lane, William B. Mershon, Gifford Pinchot, Hazen S. Pingree, Filibert Roth, and Volney M. Spalding.</subfield>
  </datafield>
  <datafield tag="500" ind1=" " ind2=" ">
    <subfield code="a">Donor: 1887</subfield>
  </datafield>
  <datafield tag="650" ind1=" " ind2="0">
    <subfield code="a">Conservation of natural resources</subfield>
    <subfield code="z">Michigan.</subfield>
  </datafield>
  <datafield tag="650" ind1=" " ind2="0">
    <subfield code="a">Forests and forestry</subfield>
    <subfield code="z">Michigan.</subfield>
  </datafield>
  <datafield tag="610" ind1="1" ind2="0">
    <subfield code="a">Michigan.</subfield>
    <subfield code="b">Forestry Commission.</subfield>
  </datafield>
  <datafield tag="610" ind1="2" ind2="0">
    <subfield code="a">University of Michigan.</subfield>
    <subfield code="b">School of Natural Resources.</subfield>
  </datafield>
  <datafield tag="700" ind1="1" ind2=" ">
    <subfield code="a">Burrows, Julius C.</subfield>
    <subfield code="q">(Julius Caesar),</subfield>
    <subfield code="d">1837-1915.</subfield>
  </datafield>
  <datafield tag="700" ind1="1" ind2=" ">
    <subfield code="a">Lane, Alfred C.</subfield>
    <subfield code="q">(Alfred Church),</subfield>
    <subfield code="d">1863-</subfield>
  </datafield>
  <datafield tag="700" ind1="1" ind2=" ">
    <subfield code="a">Mershon, Wm. B.</subfield>
    <subfield code="q">(William Butts),</subfield>
    <subfield code="d">1856-1943.</subfield>
  </datafield>
  <datafield tag="700" ind1="1" ind2=" ">
    <subfield code="a">Pinchot, Gifford,</subfield>
    <subfield code="d">1865-1946.</subfield>
  </datafield>
  <datafield tag="700" ind1="1" ind2=" ">
    <subfield code="a">Pingree, Hazen S.,</subfield>
    <subfield code="d">1840-1901.</subfield>
  </datafield>
  <datafield tag="700" ind1="1" ind2=" ">
    <subfield code="a">Roosevelt, Theodore,</subfield>
    <subfield code="d">1858-1919.</subfield>
  </datafield>
  <datafield tag="700" ind1="1" ind2=" ">
    <subfield code="a">Roth, Filibert,</subfield>
    <subfield code="d">1858-1925.</subfield>
  </datafield>
  <datafield tag="700" ind1="1" ind2=" ">
    <subfield code="a">Spalding, Volney Morgan,</subfield>
    <subfield code="d">1849-1918.</subfield>
  </datafield>
  <datafield tag="852" ind1="8" ind2=" ">
    <subfield code="a">MiU-H</subfield>
    <subfield code="b">BENT</subfield>
    <subfield code="h">851407 AA Aa 1</subfield>
  </datafield>
  <datafield tag="998" ind1=" " ind2=" ">
    <subfield code="s">9554</subfield>
  </datafield>
  <datafield tag="955" ind1=" " ind2=" ">
    <subfield code="b">BENT</subfield>
    <subfield code="p">B1054646</subfield>
  </datafield>
</record>
